@article{中国国防报2020全民皆兵的以色列战争动员模式,
  author  = {杨胜利 and 张振宇},
  journal = {中国国防报},
  title   = {全民皆兵的以色列战争动员模式},
  year    = {2020}
}

@article{半岛电视台2023哈瑞迪从边缘走向中心,
  author  = {穆罕默德·穆辛·瓦塔德},
  journal = {半岛电视台政治栏目},
  title   = {哈雷迪派：从边缘化走向以色列权力与影响力中心},
  year    = {2023}
}

@article{央视新闻2023阿盟就阿克萨清真寺冲突事件召开紧急会议，谴责以方行为,
  author  = {程祥 and 刘亮},
  journal = {央视新闻},
  title   = {阿盟就阿克萨清真寺冲突事件召开紧急会议，谴责以方行为},
  year    = {2023}
}

@misc{wiki:哈马斯,
  author = {Wikipedia},
  title  = {{哈马斯} --- {W}ikipedia{,} The Free Encyclopedia},
  year   = {2024},
  note   = {[Online; accessed 11-May-2024]}
}

@misc{wiki:Palestinian_Joint_Operations_Room,
  author = {Wikipedia},
  title  = {{Palestinian Joint Operations Room} --- {W}ikipedia{,} The Free Encyclopedia},
  year   = {2024},
  note   = {[Online; accessed 11-May-2024]}
}

@misc{wiki:Ismail_Haniyeh,
  author = {Wikipedia},
  title  = {{Ismail Haniyeh} --- {W}ikipedia{,} The Free Encyclopedia},
  year   = {2024},
  note   = {[Online; accessed 11-May-2024]}
}

@misc{光明网2006哈马斯赢得大选,
  author       = {徐启生},
  title        = {哈马斯赢得大选},
  howpublished = {\url{https://www.gmw.cn/01gmrb/2006-01/27/content_367697.htm}},
  year         = {2006}
}

@misc{外交部2019巴勒斯坦国家概况,
  author       = {外交部},
  howpublished = {\url{https://www.fmprc.gov.cn/web/gjhdq_676201/gj_676203/yz_676205/1206_676332/1206x0_676334/}},
  title        = {巴勒斯坦国家概况},
  year         = {2019},
  note         = {该文删除了一些冗余内容，建议通过网页快照查看}
}

@misc{bilibili:巴勒斯坦游行犹太人发言人2024,
  author       = {一千种校园生活},
  howpublished = {\url{https://www.bilibili.com/video/BV1or421M7hs/}},
  title        = {耶鲁解放巴勒斯坦游行的发言人是犹太人？},
  year         = {2024}
}